% bmc_article.bib
% 
%  An example of bibtex entries.
%  Entries taken from BMC instructions for authors page.

% uncomment next line to make author-year bibliography

@settings{label, options="nameyear"}

@article{blank,
	author  = {}, 
	title   = {},
	journal = {}, 
	year  = {},
	  month = {}, 
	  volume= {}, 
	  number= {}, 
	  pages = {},
	  note  = {} 
}	

@article{Uddin2019,
   author = {Shahadat Uddin and Arif Khan and Md Ekramul Hossain and Mohammad Ali Moni},
   doi = {10.1186/s12911-019-1004-8},
   issn = {14726947},
   issue = {1},
   journal = {BMC Medical Informatics and Decision Making},
   keywords = {Disease prediction,Machine learning,Medical data,Supervised machine learning algorithm},
   month = {12},
   pmid = {31864346},
   publisher = {BioMed Central Ltd},
   title = {Comparing different supervised machine learning algorithms for disease prediction},
   volume = {19},
   year = {2019},
}


@article{Naik,
   author = {Krish Naik},
   doi = {https://www.kaggle.com/datasets/kaushil268/disease-prediction-using-machine-learning},
   issn = {},
   issue = {},
   journal = {Youtube},
   keywords = {},
   month = {},
   pmid = {},
   publisher = {Youtube},
   title = {Feature Selection-How To Drop Features Using Pearson Correlation},
   volume = {},
   year = {2021},
}

@article{Kaggle,
   author = {NA},
   doi = {https://www.kaggle.com/datasets/kaushil268/disease-prediction-using-machine-learning},
   issn = {},
   issue = {},
   journal = {Kaggle},
   keywords = {},
   month = {},
   pmid = {},
   publisher = {Kaggle},
   title = {Disease Prediction Using Machinle Learning},
   volume = {},
   year = {2020},
}


@article{SQ1,
   author = {Josh Starmer},
   doi = {https://www.youtube.com/watch?v=eJIp_mgVLwE&t=605s},
   issn = {},
   issue = {},
   journal = {Youtube},
   keywords = {},
   month = {},
   pmid = {},
   publisher = {Youtube},
   title = {Información Mutua, Claramente Explicada},
   volume = {},
   year = {2020},
}


@article{SQ2,
   author = {Josh Starmer},
   doi = {https://www.youtube.com/watch?v=4b5d3muPQmA},
   issn = {},
   issue = {},
   journal = {Youtube},
   keywords = {},
   month = {},
   pmid = {},
   publisher = {Youtube},
   title = {StatQuest: K-means clustering},
   volume = {},
   year = {2019},
}

@article{SQ2,
   author = {Josh Starmer},
   doi = {https://www.youtube.com/watch?v=4b5d3muPQmA},
   issn = {},
   issue = {},
   journal = {Youtube},
   keywords = {},
   month = {},
   pmid = {},
   publisher = {Youtube},
   title = {StatQuest: K-means clustering},
   volume = {},
   year = {2019},
}

@article{SQ3,
   author = {Josh Starmer},
   doi = {https://www.youtube.com/watch?v=yIYKR4sgzI8&t=221s},
   issn = {},
   issue = {},
   journal = {Youtube},
   keywords = {},
   month = {},
   pmid = {},
   publisher = {Youtube},
   title = {StatQuest: Regresión Logística},
   volume = {},
   year = {2019},
}

@article{SQ4,
   author = {Josh Starmer},
   doi = {https://www.youtube.com/watch?v=_L39rN6gz7Y&t=336s},
   issn = {},
   issue = {},
   journal = {Youtube},
   keywords = {},
   month = {},
   pmid = {},
   publisher = {Youtube},
   title = {Decision and Classification Trees, Clearly Explained},
   volume = {},
   year = {2019},
}

@article{SQ5,
   author = {Josh Starmer},
   doi = {https://www.youtube.com/watch?v=4jRBRDbJemM},
   issn = {},
   issue = {},
   journal = {Youtube},
   keywords = {},
   month = {},
   pmid = {},
   publisher = {Youtube},
   title = {ROC and AUC, Clearly Explained},
   volume = {},
   year = {2020},
}






